<?xml version="1.0" encoding="UTF-8"?><collection xmlns="http://www.loc.gov/MARC21/slim"><record><leader>00488nam--2200169-i-4500</leader><controlfield tag="001">000013895</controlfield><controlfield tag="002">20161230</controlfield><controlfield tag="005">20161230201030</controlfield><controlfield tag="008">060222s1000------------r-----000-0-eng-d</controlfield><datafield ind1=" " ind2=" " tag="040"><subfield code="a">IFIN-HH</subfield></datafield><datafield ind1=" " ind2=" " tag="080"><subfield code="a">539.171:539.1.047.23</subfield></datafield><datafield ind1="1" ind2=" " tag="100"><subfield code="a">Badtke, D.H</subfield></datafield><datafield ind1="1" ind2="0" tag="245"><subfield code="a">A triangular tube proportional wire chamber system</subfield><subfield code="c">D.h. badtke (sa)</subfield></datafield><datafield ind1=" " ind2=" " tag="260"><subfield code="a">Baltimore</subfield><subfield code="b">The Johns Hopkins University</subfield><subfield code="c">/F.An</subfield></datafield><datafield ind1=" " ind2=" " tag="300"><subfield code="a">DIF.P. + DIF. FIG</subfield></datafield><datafield ind1=" " ind2=" " tag="852"><subfield code="a">49338</subfield><subfield code="c">539.17</subfield></datafield><datafield ind1=" " ind2=" " tag="CAT"><subfield code="a">Sys</subfield><subfield code="c">20120621</subfield><subfield code="h">090856</subfield></datafield></record></collection>